<?xml version="1.0" encoding="UTF-8"?><collection><record><leader>08593ntm a2200685 a 4500</leader><controlfield tag="001">006822470</controlfield><controlfield tag="003">MiAaHDL</controlfield><controlfield tag="005">20190719000000.0</controlfield><controlfield tag="006">m        d        </controlfield><controlfield tag="007">cr bn ---auaua</controlfield><controlfield tag="008">090624s1420    xx            00| ||per d</controlfield><datafield tag="035" ind1=" " ind2=" "><subfield code="a">(MiU)006822470</subfield></datafield><datafield tag="035" ind1=" " ind2=" "><subfield code="a">sdr-miu006822470</subfield></datafield><datafield tag="040" ind1=" " ind2=" "><subfield code="a">MiU</subfield><subfield code="c">MiU</subfield><subfield code="e">amremm</subfield></datafield><datafield tag="043" ind1=" " ind2=" "><subfield code="a">n-us-mi</subfield></datafield><datafield tag="100" ind1="0" ind2=" "><subfield code="6">880-01</subfield><subfield code="a">Salmān Sāvajī,</subfield><subfield code="d">-1376.</subfield></datafield><datafield tag="240" ind1="1" ind2="0"><subfield code="6">880-02</subfield><subfield code="a">Poems</subfield></datafield><datafield tag="245" ind1="1" ind2="0"><subfield code="6">880-03</subfield><subfield code="a">[Dīvān-i Khvājah-i Salmān ...etc.,</subfield><subfield code="f">823, i.e. 1420].</subfield></datafield><datafield tag="246" ind1="3" ind2=" "><subfield code="a">محموعه اشعار</subfield></datafield><datafield tag="260" ind1=" " ind2=" "><subfield code="c">[1420].</subfield></datafield><datafield tag="300" ind1=" " ind2=" "><subfield code="a">293 leaves :</subfield><subfield code="b">paper ;</subfield><subfield code="c">250 x 175 (153 x 92, 219 x 129 including ruled margins) mm.</subfield></datafield><datafield tag="500" ind1=" " ind2=" "><subfield code="a">Shelfmark: Ann Arbor, University of Michigan, Special Collections Library, Isl. Ms. 407</subfield></datafield><datafield tag="500" ind1=" " ind2=" "><subfield code="a">Origin: As appears in colophon on p.584, transcription of Dīvān-i Khvājah-i Salmān completed 3 Ramaḍān 823 [ca. 11 September 1420], apparently by one Furṣat Gharīb. All other texts seemingly transcribed by the same copyist. As appears in colophon in margin on p.221, transcription of Dīvān-i Ḥāfiẓ completed 20 Ramaḍān 823 [ca. 28 September 1420].</subfield></datafield><datafield tag="500" ind1=" " ind2=" "><subfield code="a">Former shelfmark: "97 T. De M. [i.e. Tammaro De Marinis]" inscribed in pencil on verso of front flyleaf ; "٢٢٧" on tail edge of text block.</subfield></datafield><datafield tag="500" ind1=" " ind2=" "><subfield code="a">Binding: Pasteboards faced in fine silk textile (in red with green stripes defining rectangular panels containing floral motifs) with dark red leather over spine, fore edge, and edges / turn-ins (silk faced and leather edged framed binding) ; accompanied by slipcase faced in black coated and textured paper (embosed with scroll / interlace pattern) and edged in dark maroon leather, lined in printed marbled paper and fitted with yellow woven pull cord ; Type II binding (with flap) ; pastedowns and flyleaves in bright red coated and textured paper (embossed with a scroll / interlace pattern virtually identical to that on the slipcase) ; decorative border on leather of upper and lower covers consisting of tooled and gold-painted band in chain pattern and gold and white-painted dome and stroke accents ; fore edge and envelope flaps are similarly decorated ; flap of slipcase carries contents ("اسامى ديوانچها كه در اين مجموعه ديوان سلمان حاشو ديوان حافظ ديوان كمال ديوان عصمت") with the four titles set among vegetal decoration (painted in gold, slate blue and white) ; gold-painted vegetal pattern on edges of text block ; sewn in red thread, two stations ; worked chevron endbands in yellow and pink, in fair condition though tail band is detaching due to damage to primaries ; overall in fairly good condition with pest damage at spine, minor abrasion to fore edge flap, etc.</subfield></datafield><datafield tag="500" ind1=" " ind2=" "><subfield code="a">Support: non-European laid paper with 8-9 laid lines per cm. (vertical or horizontal, fairly indistinct) and no chain lines visible, cloudy formation, quite crisp, thin and trasluscent though sturdy, well-burnished ; staining and tidelines.</subfield></datafield><datafield tag="500" ind1=" " ind2=" "><subfield code="a">Decoration: Superb double-page illuminated at opening (pp.2-3) consisting of four rectangular pieces carrying verses in gold tawqīʻ and ornamented with delicate floral motifs and a border of lozenges mainly in blue, gold and white above and below the central written area (also bordered in lozenges with delicate vegetal designs in gold) ; further illuminated cartouches carrying headings (in particular at openings of dīvāns of Ḥāfiẓ, Kamāl, and ʻIsmat on pp.2, 222, and 474) appear in the margin ; additional illuminated headpiece (ʻunwān / sarlawḥ) at opening of ghazals on p.380, consisting of rectangular piece with cartouche carrying heading in gold "غزليات مولانا جمال الدين سلمان" surrounded by delicate floral vegetal motifs in shades of blue, pink, white, gold, red, etc. on grounds of blue, black, etc. ; written area, margins and divisions within defined by narrow gold bands outlined by black fillets ; keywords and headings chrysographed ; textual dividers in the form of illuminated rosettes ; illuminated arabesques accent margins.</subfield></datafield><datafield tag="500" ind1=" " ind2=" "><subfield code="a">Script: Naskh with elements of nastaʻlīq ; compact hand in a medium line ; virtually serifless and fairly vertical with elongation of horizontal strokes, some sweeping descenders, rāʼ somewhat elongated and slightly reversed, many closed counters, pointing mainly in strokes rather than distinct dots, occasionally kāf is written as vertical stroke with miniature kāf seated above (effect of the whole being resemblance to hamzah seated on alif), interesting form of dāl-rāʼ (در) in which rāʼ is nested in dāl and 'horizontal' stroke of dāl is angled and parallel to stroke of rāʼ ; most headings in an elegant, highly ligatured tawqīʻ.</subfield></datafield><datafield tag="500" ind1=" " ind2=" "><subfield code="a">Layout: Varies ; at opening of codex written with mainly 21 lines per page (divided into two columns) in the central written area and as many as 40 lines on the diagonal ; at close of codex written mainly in 14 lines per page ; frame-ruled.</subfield></datafield><datafield tag="500" ind1=" " ind2=" "><subfield code="a">Collation: i, IV-1 (7), 6 IV(55), III (61), 29 IV(293), ii ; catchwords present ; pagination in pencil, Western numerals, supplied during digitization (includes back flyleaf and skips two pages between pp.545-546).</subfield></datafield><datafield tag="500" ind1=" " ind2=" "><subfield code="a">Colophon: [Dīvān-i Ḥāfiẓ] "Scribal," reads "تم ديوان ملك الشعرا املح الكلام واوضح اللسان شمس الملة والدين محمد الحافظ الشيرازى طيب الله مضجعه ورحم الله له ولكاتبه ولناظره ولمن قال امين برحمتك يا ارحم الراحمين في عشرين من شهر رمضان المبارك لسنة ثلاث وعشرين وثمانمائة الهجرية م" ; [Dīvān-i Khvājah-i Salmān] "Scribal," triangular, reads "تم الديوان على يد الفقير الحقير اقل عباد الله المجيب فرصت غريب فى الثالث من رمضان المبارك لسنه ثلاث وعشرين وثمانمائه الهجرية ٨٢٣"</subfield></datafield><datafield tag="500" ind1=" " ind2=" "><subfield code="a">Incipit: [Dīvān-i Khvājah-i Salmān] "هر دل که در هوای جمالش مجال یافت عنقای همتش دو جهان زیر بال یافت ..."</subfield></datafield><datafield tag="500" ind1=" " ind2=" "><subfield code="a">Title supplied by cataloguer from collation statement at close on p.584.</subfield></datafield><datafield tag="500" ind1=" " ind2=" "><subfield code="a">Ms. codex.</subfield></datafield><datafield tag="505" ind1="0" ind2=" "><subfield code="a">4. p.474-p.549 : Dīvān-i Khvājah ʻIsmat / Khvājah ʻNaṣīr al-Dīn ʻIṣmat Samarqandī.</subfield></datafield><datafield tag="505" ind1="0" ind2=" "><subfield code="a">3. p.222-p.473 : Dīvān-i Shaykh Kamāl al-Khujandī / Kamāl Khujandī.</subfield></datafield><datafield tag="505" ind1="0" ind2=" "><subfield code="a">2. p.2-p.221 : Dīvān-i Ḥāfiẓ / Ḥāfiẓ.</subfield></datafield><datafield tag="505" ind1="0" ind2=" "><subfield code="a">1. p.2- p.584 : Dīvān-i Khvājah-i Salmān / Jamāl al-Dīn Salmān Sāvājī.</subfield></datafield><datafield tag="510" ind1="4" ind2=" "><subfield code="a">Rypka. History of Iranian lit.,</subfield><subfield code="c">p. 261</subfield></datafield><datafield tag="510" ind1="4" ind2=" "><subfield code="a">Browne, LHP,</subfield><subfield code="c">iii, 260-71</subfield></datafield><datafield tag="510" ind1="4" ind2=" "><subfield code="a">Glünz, M. "Salmān-iSāwad̲j̲ī." In EI2,</subfield><subfield code="c">vol. VIII, p.997, col. 1</subfield></datafield><datafield tag="520" ind1="8" ind2=" "><subfield code="a">Elegant majmūʻah containing an early copy of the Dīvān or collected poems of Jamāl al-Dīn Salmān Sāvājī (d.1376), the renowned panegyrist of the Jalāyirids, along with excerpts from the dīvāns of Ḥāfiẓ, Kamāl, and ʻIsmat on the ruled margins.</subfield></datafield><datafield tag="538" ind1=" " ind2=" "><subfield code="a">Mode of access: Internet.</subfield></datafield><datafield tag="541" ind1=" " ind2=" "><subfield code="c">Purchase ;</subfield><subfield code="a">Acquired by purchase (funds donated by Horace Rackham).</subfield><subfield code="d">1924.</subfield></datafield><datafield tag="546" ind1=" " ind2=" "><subfield code="a">Persian.</subfield></datafield><datafield tag="561" ind1=" " ind2=" "><subfield code="a">Inscription in pencil on verso of front flyleaf "97 T. D. M. [T. Dell?]" ; collation statement at close on p.584 "اوراق ديوان خواجه سلمان ٢٩٢" ; fairly clean copy.</subfield></datafield><datafield tag="650" ind1=" " ind2="0"><subfield code="a">Manuscripts, Persian</subfield><subfield code="z">Michigan</subfield><subfield code="z">Ann Arbor.</subfield></datafield><datafield tag="650" ind1=" " ind2="0"><subfield code="a">Persian poetry</subfield><subfield code="y">747-1500.</subfield></datafield><datafield tag="655" ind1=" " ind2="7"><subfield code="a">Headpieces (layout features)</subfield><subfield code="y">15th century.</subfield><subfield code="2">aat</subfield></datafield><datafield tag="700" ind1="0" ind2=" "><subfield code="a">Abdülhamid</subfield><subfield code="b">II,</subfield><subfield code="c">Sultan of the Turks,</subfield><subfield code="d">1842-1918,</subfield><subfield code="e">former owner.</subfield></datafield><datafield tag="700" ind1="0" ind2="2"><subfield code="6">880-07</subfield><subfield code="a">Naṣīr al-Dīn ʻIṣmat Samarqandī.</subfield><subfield code="t">Poems.</subfield><subfield code="k">Selections</subfield></datafield><datafield tag="700" ind1="0" ind2="2"><subfield code="6">880-06</subfield><subfield code="a">Kamāl Khujandī,</subfield><subfield code="d">-approximately 1400.</subfield><subfield code="t">Poems.</subfield><subfield code="k">Selections.</subfield></datafield><datafield tag="700" ind1="0" ind2="2"><subfield code="6">880-05</subfield><subfield code="a">Ḥāfiẓ,</subfield><subfield code="d">active 14th century.</subfield><subfield code="t">Poems.</subfield><subfield code="k">Selections.</subfield></datafield><datafield tag="773" ind1="0" ind2=" "><subfield code="a">Abdul Hamid Collection.</subfield></datafield><datafield tag="880" ind1="0" ind2="2"><subfield code="6">700-07/</subfield><subfield code="a">نصير الدين عصمت سمرقندى.</subfield><subfield code="t">ديوان.</subfield><subfield code="k">منتخبات</subfield></datafield><datafield tag="880" ind1="0" ind2="2"><subfield code="6">700-06/</subfield><subfield code="a">كمال خجندى.</subfield><subfield code="t">ديوان.</subfield><subfield code="k">منتخبات</subfield></datafield><datafield tag="880" ind1="0" ind2="2"><subfield code="6">700-05/</subfield><subfield code="a">حافظ.</subfield><subfield code="t">ديوان.</subfield><subfield code="k">منتخبات.</subfield></datafield><datafield tag="880" ind1="1" ind2="0"><subfield code="6">245-03/</subfield><subfield code="a">[دیوان خواجه سلمان ...الخ,</subfield><subfield code="f">823ه, 1420م].</subfield></datafield><datafield tag="880" ind1="1" ind2="0"><subfield code="6">240-02/</subfield><subfield code="a">اشعار</subfield></datafield><datafield tag="880" ind1="0" ind2=" "><subfield code="6">100-01/</subfield><subfield code="a">سلمان ساوجى.</subfield></datafield><datafield tag="CID" ind1=" " ind2=" "><subfield code="a">006822470</subfield></datafield><datafield tag="DAT" ind1="0" ind2=" "><subfield code="a">20190719102640.0</subfield><subfield code="b">20190719000000.0</subfield></datafield><datafield tag="DAT" ind1="1" ind2=" "><subfield code="a">20190719090653.0</subfield><subfield code="b">2019-07-19T16:12:05Z</subfield></datafield><datafield tag="DAT" ind1="2" ind2=" "><subfield code="a">2015-10-02T18:00:03Z</subfield></datafield><datafield tag="CAT" ind1=" " ind2=" "><subfield code="a">SDR-MIU</subfield><subfield code="d">EX LIBRIS - ALEPH</subfield><subfield code="l">prepare.pl-004-008</subfield></datafield><datafield tag="FMT" ind1=" " ind2=" "><subfield code="a">BK</subfield></datafield><datafield tag="HOL" ind1=" " ind2=" "><subfield code="0">sdr-miu006822470</subfield><subfield code="a">MiU</subfield><subfield code="b">SDR</subfield><subfield code="c">MIU</subfield><subfield code="p">mdp.39015079130749</subfield><subfield code="s">MIU</subfield><subfield code="1">006822470</subfield></datafield><datafield tag="974" ind1=" " ind2=" "><subfield code="b">MIU</subfield><subfield code="c">MIU</subfield><subfield code="d">20190719</subfield><subfield code="s">lit-dlps-dc</subfield><subfield code="u">mdp.39015079130749</subfield><subfield code="y">1420</subfield><subfield code="r">pd</subfield><subfield code="q">bib</subfield><subfield code="t">non-US bib date1 &lt; 1879</subfield></datafield></record></collection>